=LDR  00000nam a22000003i 4500
=005  20250718223234.4
=008  250718s2018||||fr\||||||||||||||\||fre||
=024  8\$a3383, 3846
=033  0\$a20180925
=040  \\$aUkOxU$beng$erda$cUkOxU
=245  00$aMaîtres anciens et du XIXe siècle :$bcadres anciens et de collection Éloge du Symbolisme.
=264  \1$aParis :$bArtcurial SAS,$c[2018?]
=300  \\$a179 pages ;$c28 cm
=336  \\$atext$2rdacontent
=337  \\$aunmediated$2rdamedia
=338  \\$avolume$2rdacarrier
=876  \\$p308241147$zDonated by Jeremy Warren
=904  \\$aOxford Local Record

