=LDR  00000nam a22000003i 4500
=005  20250718223234.4
=008  250718s2022||||fr\||||||||||||||\||fre||
=024  8\$a4286
=033  0\$a20221109
=040  \\$aUkOxU$beng$erda$cUkOxU
=041  \\$afre$aeng
=245  00$aCollection Baron et Baronne Vaxelaire :$bun hommage familial.
=264  \1$aParis :$bArtcurial SAS,$c[2022?]
=300  \\$a72 pages ;$c28 cm
=336  \\$atext$2rdacontent
=337  \\$aunmediated$2rdamedia
=338  \\$avolume$2rdacarrier
=876  \\$p308241148$zDonated by Jeremy Warren
=904  \\$aOxford Local Record

