=LDR  00000nam a22000003i 4500
=005  20250718223234.4
=008  250718s2022||||fr\||||||||||||||\||fre||
=024  8\$a4227
=033  0\$a20220324
=040  \\$aUkOxU$beng$erda$cUkOxU
=041  \\$afre$aeng
=245  00$aCollection Charles Auzoux :$bl'intime des artistes de son temps.
=264  \1$aParis :$bArtcurial SAS,$c[2022?]
=300  \\$a87 pages ;$c28 cm
=336  \\$atext$2rdacontent
=337  \\$aunmediated$2rdamedia
=338  \\$avolume$2rdacarrier
=876  \\$p308241149$zDonated by Jeremy Warren
=904  \\$aOxford Local Record

