=LDR  00000nam a22000003i 4500
=005  20250718223234.4
=008  250718s2023||||fr\||||||||||||||\||fre||
=024  8\$a4366, 4367,4368,4369, IT4370, IT4371, IT4372
=033  1\$a20230424$a20230425$a20230426$a20230427
=040  \\$aUkOxU$beng$erda$cUkOxU
=041  \\$afre$aeng
=245  00$aHotel Bauer Palazzo :$b4200 meubles et objets d'art - sélection.
=264  \1$aParis :$bArtcurial SAS,$c[2023?]
=300  \\$a102 pages ;$c28 cm
=336  \\$atext$2rdacontent
=337  \\$aunmediated$2rdamedia
=338  \\$avolume$2rdacarrier
=500  \\$a7 vacations dont 3 Online Only; The catalogue presents a selection of furniture and works of art from the 4200 lots of the upcoming Hotel Bauer Palazzo sale. Not all lots are illustrated in the catalogue. Find all lots with their complete and detailed description on our website: artcurial.com.
=876  \\$p308241150$zDonated by Jeremy Warren
=904  \\$aOxford Local Record

