=LDR  00000nam a22000003i 4500
=005  20250718223234.4
=008  250718s2023||||fr\||||||||||||||\||fre||
=024  8\$a4288
=033  0\$a20230614
=040  \\$aUkOxU$beng$erda$cUkOxU
=041  \\$afre$aeng
=245  00$aLe portrait en miniature :$bune collection européenne, première partie.
=264  \1$aParis :$bArtcurial SAS,$c[2023?]
=300  \\$a59 pages ;$c28 cm
=336  \\$atext$2rdacontent
=337  \\$aunmediated$2rdamedia
=338  \\$avolume$2rdacarrier
=876  \\$p308241151$zDonated by Jeremy Warren
=904  \\$aOxford Local Record

