=LDR  00000nam a22000003i 4500
=005  20250718223234.4
=008  250718s2021||||fr\||||||||||||||\||fre||
=033  0\$a20210701
=040  \\$aUkOxU$beng$erda$cUkOxU
=245  00$aDépendant des successions de Marqise de S., Madam G.; dessins et tableaux anciens; objets de grande décoration; bel ameublement XVIIIe et XIXe siècles.
=264  \1$aParis :$bFraysse & Associés SAS,$c[2021?]
=300  \\$a64 pages ;$c28 cm
=336  \\$atext$2rdacontent
=337  \\$aunmediated$2rdamedia
=338  \\$avolume$2rdacarrier
=876  \\$p308241164$zDonated by Jeremy Warren
=904  \\$aOxford Local Record

