=LDR  00000nam a22000003i 4500
=005  20250718223234.4
=008  250718s2021||||fr\||||||||||||||\||fre||
=033  0\$a20211210
=040  \\$aUkOxU$beng$erda$cUkOxU
=245  00$aHaute curiosité et objets de vitrine; exceptionnel ensemble de glyptique; tableaux anciens et modernes; collections d'instruments de musique et scientifiques; objets d'art et de très bel ameublement; tapis - tapisseries.
=264  \1$aParis :$bFraysse & Associés SAS,$c[2021?]
=300  \\$a90 pages ;$c28 cm
=336  \\$atext$2rdacontent
=337  \\$aunmediated$2rdamedia
=338  \\$avolume$2rdacarrier
=876  \\$p308241165$zDonated by Jeremy Warren
=904  \\$aOxford Local Record

