=LDR  00000nam a22000003i 4500
=005  20250718223234.4
=008  250718s2022||||fr\||||||||||||||\||fre||
=033  1\$a20220406$a20220407
=040  \\$aUkOxU$beng$erda$cUkOxU
=245  00$a6 et 7 avril 2022 :$b6 avril 2022 - 14h15: Dessins de tableaux anciens; curiosité - Extrême-Orient; orfèvrerie; objets d'art et de très bel ameublement; tapis; 7 avril 2022 - 14h15: livres anciens; bijoux.
=264  \1$aParis :$bFraysse & Associés SAS,$c[2022?]
=300  \\$a110 pages ;$c28 cm
=336  \\$atext$2rdacontent
=337  \\$aunmediated$2rdamedia
=338  \\$avolume$2rdacarrier
=500  \\$aLet lots précédés de <> proviennent de la collections du Docteur X.
=876  \\$p308241166$zDonated by Jeremy Warren
=904  \\$aOxford Local Record

