=LDR  00000nam a22000003i 4500
=005  20250718223234.4
=008  250718s2023||||fr\||||||||||||||\||fre||
=033  1\$a20230606$a20230607
=040  \\$aUkOxU$beng$erda$cUkOxU
=245  00$a6 et 7 juin 2023 :$bà divers amateurs: gravures, dessins et tableaux anciens; monnaies; accessoires de mode; bijoux; objets de vitrine; orfèvrerie XVIIIe et XIXe siècles; 6 juin 2023 lots 1 à 225: collection particulière et à divers: Dessins de tableaux anciens;cadres XVIIe et XVIIIe siècles; haute curiosité; objets d'art et de très bel ameublement; tapisseries; 7 juin 2023 lots 226 à la fin.
=264  \1$aParis :$bFraysse & Associés SAS,$c[2023?]
=300  \\$a126 pages ;$c28 cm
=336  \\$atext$2rdacontent
=337  \\$aunmediated$2rdamedia
=338  \\$avolume$2rdacarrier
=876  \\$p308241167$zDonated by Jeremy Warren
=904  \\$aOxford Local Record

