=LDR  00000nam a22000003i 4500
=005  20250718223234.4
=008  250718s2014||||fr\||||||||||||||\||fre||
=033  0\$a20141114
=040  \\$aUkOxU$beng$erda$cUkOxU
=245  00$aVente aux enchères publiques :$bà 11h: archéologie; à 14h: dessins et tableaux anciens, argenterie, étoffes anciennes, mobilier et objets d'art.
=264  \1$aParis :$bThierry Desbenoit & associés AND Daguerre,$c[2014?]
=300  \\$a118 pages ;$c27 cm
=336  \\$atext$2rdacontent
=337  \\$aunmediated$2rdamedia
=338  \\$avolume$2rdacarrier
=500  \\$aprovenant notamment de la collection du vicomte de B. (1905-1985), de son appartement de l'avenue Foch décoré par G. Geffroy.
=876  \\$p308241168$zDonated by Jeremy Warren
=904  \\$aOxford Local Record

