=LDR  00000nam a22000003i 4500
=005  20250718223234.4
=008  250718s2023||||fr\||||||||||||||\||fre||
=033  0\$a20230523
=040  \\$aUkOxU$beng$erda$cUkOxU
=245  00$aSuite à succession collection Pierre & Jeannine Consten 1ère vente :$bestampes modernes; dessins 7 tableaux modernes; Extrême-Orient; orfèvrerie; mobilier & objets d'art; tapisseries; arts du XXe siècle.
=264  \1$aParis :$bFarrando Maison de vente,$c[2023?]
=300  \\$a94 pages ;$c27 cm
=336  \\$atext$2rdacontent
=337  \\$aunmediated$2rdamedia
=338  \\$avolume$2rdacarrier
=876  \\$p308241169$zDonated by Jeremy Warren
=904  \\$aOxford Local Record

