=LDR  00000nam a22000003i 4500
=005  20250718223234.4
=008  250718s2012||||fr\||||||||||||||\||fre||
=033  0\$a20120402
=040  \\$aUkOxU$beng$erda$cUkOxU
=245  00$aCollection de dessins anciens de Monsieur S. (deuxième vente).
=264  \1$aParis :$bMillon & Associés SVV,$c[2012?]
=300  \\$a77 pages ;$c27 cm
=336  \\$atext$2rdacontent
=337  \\$aunmediated$2rdamedia
=338  \\$avolume$2rdacarrier
=876  \\$p8241170$zDonated by Jeremy Warren
=904  \\$aOxford Local Record

