=LDR  00000nam a22000003i 4500
=005  20250718223234.4
=008  250718s1993||||fr\||||||||||||||\||fre||
=033  0\$a19930624
=040  \\$aUkOxU$beng$erda$cUkOxU
=245  00$aImportants tableaux anciens; dessins; sculptures; objets d'art et de drès bel ameublement :$bprovenant notamment de divers châteaux et de résidences parisiennes.
=264  \1$aParis :$bJean-Louis Picard Commissaire-Priseur,$c[1993?]
=300  \\$a142 pages ;$c27 cm
=336  \\$atext$2rdacontent
=337  \\$aunmediated$2rdamedia
=338  \\$avolume$2rdacarrier
=876  \\$p308241171$zDonated by Jeremy Warren
=904  \\$aOxford Local Record

