=LDR  00000nam a22000003i 4500
=005  20250718223234.4
=008  250718s2019||||fr\||||||||||||||\||fre||
=033  0\$a
=040  \\$aUkOxU$beng$erda$cUkOxU
=245  00$aXXVIIème catalogue :$bEstampes anciennes et modernes à collectionner.
=264  \1$aParis :$bGalerie martinez D.,$c[2019?]
=300  \\$a54 pages ;$c30 cm
=336  \\$atext$2rdacontent
=337  \\$aunmediated$2rdamedia
=338  \\$avolume$2rdacarrier
=500  \\$a[no date of sale given as this is a gallery catalogue].
=876  \\$p308241172$zDonated by Jeremy Warren
=904  \\$aOxford Local Record

