=LDR  00000nam a22000003i 4500
=005  20250718223234.4
=008  250718s2020||||fr\||||||||||||||\||fre||
=024  8\$a19158 - GIANT
=033  1\$a20200915$a20200916
=040  \\$aUkOxU$beng$erda$cUkOxU
=041  \\$afre$aeng
=245  00$aCommandant Paul-Louis Weiller, capitaine d'industrie, protecteur des arts.
=264  \1$aParis :$bChristie's France SNC,$c[2020?]
=264  \\$a© 2020
=300  \\$a139 pages ;$c27 cm
=336  \\$atext$2rdacontent
=337  \\$aunmediated$2rdamedia
=338  \\$avolume$2rdacarrier
=876  \\$p308241174$zDonated by Jeremy Warren
=904  \\$aOxford Local Record

