=LDR  00000nam a22000003i 4500
=005  20250718223234.4
=008  250718s2021||||fr\||||||||||||||\||fre||
=024  8\$a19975 - VICTOIRE
=033  0\$a20210616
=040  \\$aUkOxU$beng$erda$cUkOxU
=041  \\$afre$aeng
=245  00$aMaîtres anciens, peinture - sculpture.
=264  \1$aParis :$bChristie's France SNC / Christie, Manson & Woods Ltd.,$c[2021?]
=264  \\$a© 2020
=300  \\$a106 pages ;$c27 cm
=336  \\$atext$2rdacontent
=337  \\$aunmediated$2rdamedia
=338  \\$avolume$2rdacarrier
=876  \\$p308241176$zDonated by Jeremy Warren
=904  \\$aOxford Local Record

