=LDR  00000nam a22000003i 4500
=005  20250718223234.4
=008  250718s1968||||UK\||||||||||||||\||eng||
=024  8\$aSMITH IV
=033  0\$a19680708
=040  \\$aUkOxU$beng$erda$cUkOxU
=245  00$aCatalogue of an important collection of glass: the property of the late Walter F. Smith, Jnr. of Trenton, New Jersey :$bfourth portion: continental glass.
=264  \1$aLondon :$bSotheby & Co.,$c[1968?]
=264  \\$a© 1968
=300  \\$a57 pages ;$c25 cm
=336  \\$atext$2rdacontent
=337  \\$aunmediated$2rdamedia
=338  \\$avolume$2rdacarrier
=500  \\$acomprising: attractive Venetian glasses with latticinio decoration; fine Netherlandish 'façon-de-Venise' goblets; interesting Belgian and Spanish glass in Venetian style; an important Ánglo-Venetian' seventeenth century goblet; good Nuremberg and Bohemian engraved goblets; attractive 'Zwischengold' and 'Schwarzlot' glasses; French and german nineteenth century coloured glass; a fine series of Hall in Tyrol goblets and tazzas; a very important Innsbruck diamond-engraved covered goblet and an extremely rare Dresden wine glass enamelled by J. F. Meyer, c. 1725; which will be sold by auction.
=876  \\$p308241177$zDonated by Jeremy Warren
=904  \\$aOxford Local Record

