=LDR  00000nam a22000003i 4500
=005  20250718223234.4
=008  250718s2020||||UK\||||||||||||||\||fre||
=024  8\$aPF0031
=033  0\$a20201102
=040  \\$aUkOxU$beng$erda$cUkOxU
=041  \\$afre$aeng
=245  00$aL'exigence d'un collectionneur :$bsa vision du XVIIIe siècle.
=264  \1$aLondon :$bSotheby's (France) S.A.S.,$c[2020?]
=300  \\$a128 pages ;$c26 cm
=336  \\$atext$2rdacontent
=337  \\$aunmediated$2rdamedia
=338  \\$avolume$2rdacarrier
=500  \\$aA collector's requirement: his vision of the 18th century.
=876  \\$p308241178$zDonated by Jeremy Warren
=904  \\$aOxford Local Record

