=LDR  00000nam a22000003i 4500
=005  20250718223234.4
=008  250718s2017||||UK\||||||||||||||\||fre||
=024  8\$aPF1711 "EXCELLENCE"
=033  0\$a20171128
=040  \\$aUkOxU$beng$erda$cUkOxU
=041  \\$afre$aeng
=245  00$aExcellence française.
=264  \1$aLondon :$bSotheby's (France) S.A.S.,$c[2017?]
=300  \\$a256 pages ;$c30 cm
=336  \\$atext$2rdacontent
=337  \\$aunmediated$2rdamedia
=338  \\$avolume$2rdacarrier
=876  \\$p308241179$zDonated by Jeremy Warren
=904  \\$aOxford Local Record

