=LDR  00000nam a22000003i 4500
=005  20250718223234.4
=008  250718s2023||||gw\||||||||||||||\||ger||
=024  8\$a319
=033  0\$a20231117
=040  \\$aUkOxU$beng$erda$cUkOxU
=245  01$aAlte Meister: Kunst des 19. Jahrhunderts.
=246  31$aOld masters: 19th century art
=264  \1$aMunich :$bKarl & Faber Kunstauktionen GmbH,$c[2023?]
=300  \\$a168 pages ;$c27 cm
=336  \\$atext$2rdacontent
=337  \\$aunmediated$2rdamedia
=338  \\$avolume$2rdacarrier
=500  \\$aKarl & Faber 100 Jahre.
=876  \\$p308241181$zDonated by Jeremy Warren
=904  \\$aOxford Local Record

