=LDR  00000nam a22000003i 4500
=005  20250718223234.4
=008  250718s2021||||gw\||||||||||||||\||ger||
=024  8\$a306
=033  0\$a20211124
=040  \\$aUkOxU$beng$erda$cUkOxU
=245  00$aDruckgrafik: Alte Meister & Kunst des 19. Jahrhunderts.
=246  31$aPrints: old masters & 19th century art
=264  \1$aMunich :$bKarl & Faber Kunstauktionen GmbH,$c[2021?]
=300  \\$a94 pages ;$c27 cm
=336  \\$atext$2rdacontent
=337  \\$aunmediated$2rdamedia
=338  \\$avolume$2rdacarrier
=876  \\$p308241186$zDonated by Jeremy Warren
=904  \\$aOxford Local Record

