=LDR  00000nam a22000003i 4500
=005  20250718223234.4
=008  250718s2022||||sz\||||||||||||||\||eng||
=033  0\$a20220323
=040  \\$aUkOxU$beng$erda$cUkOxU
=245  01$aAuction: international art before 1900 :$bthree illuminated books of hours from a private collection: rediscovery of three fine codices.
=264  \1$aBasel :$bBeurret & Bailly Auktionen Galerie Widmer,$c[2022?]
=300  \\$a40 pages ;$c28 cm
=336  \\$atext$2rdacontent
=337  \\$aunmediated$2rdamedia
=338  \\$avolume$2rdacarrier
=876  \\$p308241189$zDonated by Jeremy Warren
=904  \\$aOxford Local Record

