=LDR  00000nam a22000003i 4500
=005  20250718223234.4
=008  250718s2023||||sz\||||||||||||||\||ger||
=033  0\$a20230322
=040  \\$aUkOxU$beng$erda$cUkOxU
=041  \\$ager$afre
=245  01$aAuktion: internationale Kunst bis 1900.
=264  \1$aBasel :$bBeurret & Bailly Auktionen Galerie Widmer,$c[2023?]
=300  \\$a74 pages ;$c28 cm
=336  \\$atext$2rdacontent
=337  \\$aunmediated$2rdamedia
=338  \\$avolume$2rdacarrier
=500  \\$aAuktion Basel: 22. März 2023 Los Nr. 1-70; Auktion online only: 20.-29. März 2023 Los Nr. 100-159.
=876  \\$p308241190$zDonated by Jeremy Warren
=904  \\$aOxford Local Record

