=LDR  00000nam a22000003i 4500
=005  20250718223234.4
=008  250718s2022||||sz\||||||||||||||\||ger||
=033  0\$a20220323
=040  \\$aUkOxU$beng$erda$cUkOxU
=041  \\$ager$aeng$afre
=245  01$aAuktion: internationale Kunst bis 1900.
=264  \1$aBasel :$bBeurret & Bailly Auktionen Galerie Widmer,$c[2022?]
=300  \\$a88 pages ;$c28 cm
=336  \\$atext$2rdacontent
=337  \\$aunmediated$2rdamedia
=338  \\$avolume$2rdacarrier
=500  \\$aAuktion Basel: 23. März 2022 Los Nr. 1-93; Auktion online only: 28. März-8.April 2022 Los Nr. 600-664.
=876  \\$p308241191$zDonated by Jeremy Warren
=904  \\$aOxford Local Record

