=LDR  00000nam a22000003i 4500
=005  20250718223234.4
=008  250718s2022||||sm\||||||||||||||\||eng||
=033  1\$a20221105$a20221106
=040  \\$aUkOxU$beng$erda$cUkOxU
=041  \\$aeng$aita
=245  01$aAuction LVIII.
=264  \1$aSan Marino :$bArtemide Aste s.r.l.,$c[2022?]
=300  \\$a310 pages ;$c30 cm
=336  \\$atext$2rdacontent
=337  \\$aunmediated$2rdamedia
=338  \\$avolume$2rdacarrier
=500  \\$a[Chapter headings] Greek coins; The Roman Republic; Monete e Medaglie di Zecche Italiane; Casa Savoia - Regno di Sardegna - Regno d'Italia; Repubblica Italiana; Medaglie Papali;.
=876  \\$p308241192$zDonated by Jeremy Warren
=904  \\$aOxford Local Record

