=LDR  00000nam a22000003i 4500
=005  20250718223234.4
=008  250718s2023||||fr\||||||||||||||\||fre||
=033  0\$a20230324
=040  \\$aUkOxU$beng$erda$cUkOxU
=245  00$aCéramiques, dessins et tableaux anciens, archéologie, mobilier et objets d'art, tapis.
=264  \1$aParis :$brémy le fur & associés,$c[2023?]
=300  \\$a191 pages ;$c27 cm
=336  \\$atext$2rdacontent
=337  \\$aunmediated$2rdamedia
=338  \\$avolume$2rdacarrier
=876  \\$p308241193$zDonated by Jeremy Warren
=904  \\$aOxford Local Record

